@article{
pagebased,
Author = {B. Sajadi and Y. Huang and P. Diaz Gutierrez and S. Yoon and G. Meenakshisundaram},
Title = {A Novel Page-Based Data Structure for Interactive Walkthroughs},
Journal = {ACM SIGGGRAPH 2009}
},
@ARTICLE{Isenburg03a,
  author = {M. Isenburg and P. Lindstrom and S. Gumhold and J. Snoeyink},
  title = {Large Mesh Simplification using Processing Sequences},
  journal = {IEEE Visualization},
  year = {2003},
  pages = {465--472},
  owner = {Administrator},
  timestamp = {2008.10.18}
},
@InProceedings{Silva02,
  author = "C. Silva and Y.-J. Chiang and W. Correa and J. El-Sana and P. Lindstrom",
  title = "Out-Of-Core Algorithms for Scientific Visualization and Computer Graphics",
  booktitle = "IEEE Visualization Course Notes",
  year = "2002",
},
@inproceedings{VM:02,
  author = "Varadhan, Gokul and Manocha, Dinesh",
  title = "Out-of-Core Rendering of Massive Geometric Datasets",
  booktitle = "Proceedings IEEE Visualization 2002",
  year = {2002},
  pages = {69--76},
  publisher = {Computer Society Press}
},
@inproceedings{ACWBZEHHSBWBM:99,
  author = "Aliaga, Daniel and Cohen, Jon and Wilson, Andrew and Baker, Eric
		  and Zhang, Hansong and Erikson, Carl and Hoff, Kenneth and Hudson,
		  Tom and Stuerzlinger, Wolfgang and Bastos, Rui and Whitton, Mary
		  and Brooks, Fred and Manocha, Dinesh",
  title = "{MMR}: An Interactive Massive Model Rendering System Using Geometric
		  and Image-Based Acceleration",
  booktitle = "Proceedings Symposium on Interactive 3D Graphics",
  year = {1999},
  pages = {199--206},
  organization = {ACM SIGGRAPH}
},
@article{
iwalk,
Author = {W. Correa and J. Klosowski and C. Silva},
Title = {iWalk: Interactive Out-Of-Core Rendering of Large Models},
Journal = {Technical Report, Princeton University},
Year = {2002}
},
@inproceedings{Hoppe:98b,
  author = "Hoppe, Hugues",
  title = "Smooth View-Dependent Level-of-Detail Control and its
                  Application to Terrain Rendering",
  booktitle = "Proceedings IEEE Visualization",
  year = {1998},
  pages = {35--42},
  publisher = {}
},
@inproceedings{Hoppe:97,
  author = "Hoppe, Hugues",
  title = "View-Dependent Refinement of Progressive Meshes",
  booktitle = "SIGGRAPH",
  year = {1997},
  pages = {189--198},
  organization = {}
},
@inproceedings{Hoppe:96,
  author = "Hoppe, Hugues",
  title = "Progressive Meshes",
  booktitle = "Proceedings SIGGRAPH",
  year = {1996},
  pages = {99--108},
  organization = {}
},
@book{Luebke02,
  title = {Level of Detail for 3D Graphics},
  publisher = {Morgan-Kaufmann},
  year = {2002},
  author = {D. Luebke and M. Reddy and J. Cohen and A. Varshney and B. Watson
	and R. Huebner},
  owner = {Administrator},
  timestamp = {2008.10.18}
},
@inproceedings{SG:01,
  author = "Shaffer, Eric and Garland, Michael",
  title = "Efficient Adaptive Simplification of Massive Meshes",
  booktitle = "Proc. IEEE Visualization",
  year = {2001},
  pages = {127--134},
  publisher = {Computer Society Press}
},
@article{
compressionimagebased,
Author = {J. Li and H. Sun and Y. Zhang},
Title = {On the compression of image based rendering scene},
Journal = {Image Processing},
Pages = {21-24},
Volume = {2},
Month = {September},
Year = {2000}
},
@article{
imagebasedrendering,
Author = {C. Zhang and T. Chen},
Title = {A Survey on Image-Based Rendering - Representation, Sampling and Compression},
Journal = {EURASIP Signal Processing: Image Communication},
Pages = {1-28},
Volume = {19},
Number = {1},
Month = {January},
Year = {2004}
},
@article{
outofcore,
Author = {G. Varadhan and D. Manocha},
Title = {Out-Of-Core Rendering of Massive Geometric Environments},
Journal = {IEEE Visualization},
Year = {2002}
},
@article{
pcmagarticle,
Author = {Joel Santo Domingo},
Title = {SSD vs. HDD: What's the Difference},
Journal = {PC Magazine},
Year = {2014},
Month = {February},
Date = {February 20, 2014},
Url = {http://www.pcmag.com/article2/0,2817,2404260,00.asp}
},
@inproceedings{ssdpaper,
 author = {B. Sajadi and S. Jiang and J. Heo and S. Yoon and G. Meenakshisundaram},
 title = {Data Management for SSDs for Large-Scale Interactive Graphics Applications},
 booktitle = {I3D '11 Symposium on Interactive 3D Graphics and Games},
 year = {2011},
 pages = {175--182},
 location = {San Francisco, CA},
 publisher = {ACM},
 address = {New York, NY},
 },
@article{YOON:2006:MeshLayout,
    author = {Sung-Eui Yoon and Peter Lindstrom},
    title = {Mesh Layouts for Block-Based Caches},
    year = {2006},
    journal = {IEEE Trans. on Visualization and Computer Graphics
            (Proc. Visualization)},
    volume = {12},
    number = {5},
	pages = {1213--1220}
},
@article{LT:99,
  author = "Lindstrom, Peter and Turk, Greg",
  title = "Evaluation of Memoryless Simplification",
  journal = {IEEE Transactions on Visualization and Computer Graphics},
  year = {1999},
  volume = {5},
  number = {2},
  pages = {98--115},
  month = {April-June}
},
@article{
cacheobliviouslayout,
Author = {S. Yoon and P. Lindstrom and V. Pascucci and D. Manocha},
Title = {Cache Oblivious Mesh Layouts},
Journal = {ACM SIGGGRAPH 2005},
Year = {2005},
},
@article{
singleseeklayout,
Author = {S. Jiang and B. Sajadi and and G. Meenakshisundaram},
Title = {Single-seek Data Layout for Walkthrough Applications},
Journal = {SIBGRAPI 2013},
Year = {2013},
},
@article{
optimizingredundancy,
Author = {S. Jiang and B. Sajadi and A. Ihler and G. Meenakshisundaram},
Title = {Optimizing Redundant-Data Clustering for Interactive Walkthrough Applications},
Journal = {CGI 2014},
Year = {2014},
},
@INPROCEEDINGS{Rizvi10, 
author={Rizvi, S.S. and Tae-Sun Chung}, 
booktitle={Computer Engineering and Technology (ICCET), 2010 2nd International Conference on}, 
title={Flash SSD vs HDD: High performance oriented modern embedded and multimedia storage systems}, 
year={2010}, 
month={April}, 
volume={7}, 
pages={V7-297-V7-299}, 
},
@inproceedings{SSD_perf08,
 author = {Agrawal, Nitin and Prabhakaran, Vijayan and Wobber, Ted and Davis, John D. and Manasse, Mark and Panigrahy, Rina},
 title = {Design tradeoffs for SSD performance},
 booktitle = {ATC'08: USENIX 2008 Annual Technical Conference on Annual Technical Conference},
 year = {2008},
 pages = {57--70},
 location = {Boston, Massachusetts},
 publisher = {USENIX Association},
 address = {Berkeley, CA, USA},
 },
@inproceedings{FlashVM09,
	author = {Mohit Saxena and Michael M. Swift},
 title = {FlashVM: Revisiting the Virtual Memory Hierarchy},
 booktitle = {Proc. of USENIX HotOS-XII},
 year = {2009},
},
@inproceedings{Patterson88,
 author = {Patterson, David A. and Gibson, Garth and Katz, Randy H.},
 title = {A Case for Redundant Arrays of Inexpensive Disks (RAID)},
 booktitle = {Proceedings of the 1988 ACM SIGMOD International Conference on Management of Data},
 series = {SIGMOD '88},
 year = {1988},
 pages = {109--116},
 numpages = {8},
 acmid = {50214},
 publisher = {ACM},
} 
